<?xml version="1.0" encoding="UTF-8"?><record xmlns="http://www.loc.gov/MARC21/slim" xmlns:cinclude="http://apache.org/cocoon/include/1.0" xmlns:zs="http://www.loc.gov/zing/srw/">
  <leader>00539cz  a2200133n  4500</leader>
  <controlfield tag="001">n  92077568 </controlfield>
  <controlfield tag="003">DLC</controlfield>
  <controlfield tag="005">20120731082728.0</controlfield>
  <controlfield tag="008">920801n| acannaab           |n ana      </controlfield>
  <datafield tag="010" ind1=" " ind2=" ">
    <subfield code="a">n  92077568 </subfield>
  </datafield>
  <datafield tag="040" ind1=" " ind2=" ">
    <subfield code="a">DLC</subfield>
    <subfield code="b">eng</subfield>
    <subfield code="c">DLC</subfield>
    <subfield code="d">DLC</subfield>
  </datafield>
  <datafield tag="111" ind1="2" ind2=" ">
    <subfield code="a">Circum-Pacific Prehistory Conference</subfield>
    <subfield code="d">(1989 :</subfield>
    <subfield code="c">Seattle, Wash.)</subfield>
  </datafield>
  <datafield tag="667" ind1=" " ind2=" ">
    <subfield code="a">THIS 1XX FIELD CANNOT BE USED UNDER RDA UNTIL THIS RECORD HAS BEEN REVIEWED AND/OR UPDATED</subfield>
  </datafield>
  <datafield tag="670" ind1=" " ind2=" ">
    <subfield code="a">Pacific northeast Asia in prehistory, c1992:</subfield>
    <subfield code="b">CIP galley (Circum-Pacific Prehistory Conference, held in Seattle, Aug. 1989)</subfield>
  </datafield>
</record>